@misc{isl_weather_data,
  howpublished = {Icelandic Meteorological Office},
  url          = {https://www.vedur.is/vedur/vedurfar/medaltalstoflur/},
  urldate      = {May 2023}
}

@misc{isl_accident_data,
  howpublished = {Icelandic Transport Authority},
  url          = {https://map.is/samgongustofa/},
  urldate      = {May 2023}
}

@misc{usa_data,
  author       = {Moosavi, Sobhan and Samavatian, Mohammad Hossein and Parthasarathy, Srinivasan and Ramnath, Rajiv},
  title        = {US Accidents (2016 - 2021)},
  year         = {2019},
  howpublished = {Dataset},
  note         = {Available at: [https://www.kaggle.com/datasets/sobhanmoosavi/us-accidents]},
  publisher    = {Kaggle},
  urldate      = {May 2023}
}
@article{linear_regression,
  title   = {Simple linear regression},
  author  = {Altman, Naomi and Krzywinski, Martin},
  journal = {Nature Methods},
  year    = {2015},
  volume  = {12},
  number  = {11},
  pages   = {999--1000},
  doi     = {10.1038/nmeth.3627},
  url     = {https://doi.org/10.1038/nmeth.3627},
  issn    = {1548-7105}
}

@inproceedings{random_forest_regression,
  title     = {Random Decision Forests},
  author    = {Tin Kam Ho},
  booktitle = {Proceedings of the 3rd International Conference on Document Analysis and Recognition},
  year      = {1995},
  month     = {August},
  address   = {Montreal, QC},
  pages     = {278--282},
  url       = {https://web.archive.org/web/20160417030218/http://ect.bell-labs.com/who/tkh/publications/papers/odt.pdf},
  retrieved = {5 June 2016}
}

